<record><leader>00000cas a2200000Ma 4500</leader><controlfield tag="001">31820306</controlfield><controlfield tag="008">941117d19891994vauer ne      0   a0eng d</controlfield><datafield ind1=" " ind2=" " tag="010"><subfield code="a">sn 95079488 </subfield></datafield><datafield ind1=" " ind2=" " tag="040"><subfield code="a">VA@</subfield><subfield code="b">eng</subfield><subfield code="c">VA@</subfield><subfield code="d">NVK</subfield><subfield code="d">OCLCQ</subfield><subfield code="d">OCLCF</subfield><subfield code="d">OCLCO</subfield></datafield><datafield ind1=" " ind2=" " tag="043"><subfield code="a">n-us-va</subfield></datafield><datafield ind1=" " ind2="4" tag="050"><subfield code="a">F234.C4</subfield><subfield code="b">C9</subfield></datafield><datafield ind1="0" ind2="0" tag="245"><subfield code="a">C-ville review.</subfield></datafield><datafield ind1="3" ind2="0" tag="246"><subfield code="a">Cville review</subfield></datafield><datafield ind1="3" ind2="0" tag="246"><subfield code="a">Charlottesville review</subfield></datafield><datafield ind1=" " ind2=" " tag="260"><subfield code="a">Charlottesville, Va. :</subfield><subfield code="b">Portico Publications,</subfield><subfield code="c">1989-1994.</subfield></datafield><datafield ind1=" " ind2=" " tag="300"><subfield code="a">v. :</subfield><subfield code="b">ill. ;</subfield><subfield code="c">39 cm.</subfield></datafield><datafield ind1=" " ind2=" " tag="310"><subfield code="a">Biweekly</subfield></datafield><datafield ind1="0" ind2=" " tag="362"><subfield code="a">Vol. 1, no. 1 (Sept. 19-Oct. 2, [1989])-v. 6, no. 18 (Sept. 7-20 [1994]).</subfield></datafield><datafield ind1=" " ind2="0" tag="651"><subfield code="a">Charlottesville (Va.)</subfield><subfield code="v">Newspapers.</subfield></datafield><datafield ind1=" " ind2="0" tag="651"><subfield code="a">Albemarle County (Va.)</subfield><subfield code="v">Newspapers.</subfield></datafield><datafield ind1=" " ind2="7" tag="655"><subfield code="a">Newspapers.</subfield><subfield code="2">fast</subfield><subfield code="0">(OCoLC)fst01423814</subfield></datafield><datafield ind1=" " ind2="7" tag="651"><subfield code="a">Virginia</subfield><subfield code="z">Albemarle County.</subfield><subfield code="2">fast</subfield><subfield code="0">(OCoLC)fst01208011</subfield></datafield><datafield ind1=" " ind2="7" tag="651"><subfield code="a">Virginia</subfield><subfield code="z">Charlottesville.</subfield><subfield code="2">fast</subfield><subfield code="0">(OCoLC)fst01204493</subfield></datafield><datafield ind1="1" ind2=" " tag="700"><subfield code="a">Chapman, William, G.</subfield></datafield><datafield ind1="1" ind2=" " tag="700"><subfield code="a">Spencer, Hawes, C.</subfield></datafield><datafield ind1=" " ind2=" " tag="752"><subfield code="a">United States</subfield><subfield code="b">Virginia</subfield><subfield code="d">Charlottesville.</subfield></datafield><datafield ind1="0" ind2="0" tag="785"><subfield code="t">C-ville weekly</subfield><subfield code="w">(DLC)sn 95079495</subfield></datafield></record>